Type,Product,Started Date,Completed Date,Description,Amount,Fee,Currency,State,Balance
CARD_PAYMENT,Current,2025-02-28 16:24:47,2025-03-02 03:37:00,Elmaz Tts Ood,-7.40,0.00,BGN,COMPLETED,5.80
TRANSFER,Current,2025-03-03 14:29:58,2025-03-03 14:29:58,To BGN,9.99,0.00,BGN,COMPLETED,15.79
TRANSFER,Current,2025-03-03 14:31:33,2025-03-03 14:31:33,To BGN Bvf,-5.00,0.00,BGN,COMPLETED,10.79
TRANSFER,Current,2025-03-03 14:31:00,2025-03-03 15:55:28,To Фондация Пълноценен Живот,-10.00,0.00,BGN,COMPLETED,0.79
TOPUP,Current,2025-03-04 11:19:15,2025-03-04 11:19:16,Apple Pay Top-Up by *0210,213.00,0.00,BGN,COMPLETED,213.79
TRANSFER,Current,2025-03-04 11:19:44,2025-03-04 11:19:45,Transfer to Revolut user,-100.00,0.00,BGN,COMPLETED,113.79
TRANSFER,Current,2025-03-04 11:20:27,2025-03-04 11:20:27,To BGN Обслужване Jogger,-40.00,0.00,BGN,COMPLETED,73.79
TRANSFER,Current,2025-03-04 11:20:40,2025-03-04 11:20:40,To BGN Почивка,-15.00,0.00,BGN,COMPLETED,58.79
TRANSFER,Current,2025-03-04 11:22:07,2025-03-04 11:22:07,To BGN Bvf,-20.00,0.00,BGN,COMPLETED,38.79
TRANSFER,Current,2025-03-04 11:24:10,2025-03-04 11:24:11,Transfer to Revolut user,-20.00,0.00,BGN,COMPLETED,18.79
TRANSFER,Current,2025-03-04 11:25:24,2025-03-04 11:25:24,To BGN Спестявания,-18.00,0.00,BGN,COMPLETED,0.79
TRANSFER,Current,2025-03-04 11:29:04,2025-03-04 11:29:04,To BGN,20.00,0.00,BGN,COMPLETED,20.79
TRANSFER,Current,2025-03-04 11:33:54,2025-03-04 11:33:54,To BGN,20.00,0.00,BGN,COMPLETED,40.79
TRANSFER,Current,2025-03-06 08:50:36,2025-03-06 08:50:36,Transfer from Revolut user,55.00,0.00,BGN,COMPLETED,95.79
TRANSFER,Current,2025-03-06 08:53:19,2025-03-06 08:53:19,To BGN Uganda,-0.19,0.00,BGN,COMPLETED,95.60
TRANSFER,Current,2025-03-06 09:07:16,2025-03-06 09:07:16,Transfer to Revolut user,-12.00,0.00,BGN,COMPLETED,83.60
TRANSFER,Current,2025-03-06 09:07:36,2025-03-06 09:07:36,To BGN Bvf,-40.00,0.00,BGN,COMPLETED,43.60
CARD_PAYMENT,Current,2025-03-06 08:53:18,2025-03-07 05:10:11,EKO,-41.81,0.00,BGN,COMPLETED,1.79
TRANSFER,Current,2025-03-07 23:35:49,2025-03-07 23:35:49,Transfer from Revolut user,20.00,0.00,BGN,COMPLETED,21.79
TRANSFER,Current,2025-03-07 23:36:07,2025-03-07 23:36:07,To BGN Uganda,-0.31,0.00,BGN,COMPLETED,21.48
TRANSFER,Current,2025-03-09 18:55:14,2025-03-09 18:55:14,To BGN,30.00,0.00,BGN,COMPLETED,51.48
TRANSFER,Current,2025-03-09 18:55:40,2025-03-09 18:55:40,To BGN Uganda,-0.58,0.00,BGN,COMPLETED,50.90
TRANSFER,Current,2025-03-09 18:58:06,2025-03-09 18:58:06,Transfer from Revolut user,24.42,0.00,BGN,COMPLETED,75.32
TRANSFER,Current,2025-03-09 18:58:34,2025-03-09 18:58:34,To BGN Bvf,-41.00,0.00,BGN,COMPLETED,34.32
TRANSFER,Current,2025-03-10 07:49:31,2025-03-10 07:49:31,To BGN,10.00,0.00,BGN,COMPLETED,44.32
TRANSFER,Current,2025-03-10 07:49:44,2025-03-10 07:49:45,Transfer to Revolut user,-10.00,0.00,BGN,COMPLETED,34.32
TRANSFER,Current,2025-03-10 12:38:03,2025-03-10 12:38:04,Transfer from Revolut user,10.00,0.00,BGN,COMPLETED,44.32
TRANSFER,Current,2025-03-10 12:38:12,2025-03-10 12:38:12,To BGN Uganda,-0.21,0.00,BGN,COMPLETED,44.11
TRANSFER,Current,2025-03-10 12:38:47,2025-03-10 12:38:47,Transfer from Revolut user,9.00,0.00,BGN,COMPLETED,53.11
TRANSFER,Current,2025-03-10 12:38:57,2025-03-10 12:38:57,Transfer to Revolut user,-10.00,0.00,BGN,COMPLETED,43.11
TRANSFER,Current,2025-03-10 15:06:57,2025-03-10 15:06:58,Transfer from Revolut user,10.00,0.00,BGN,COMPLETED,53.11
TRANSFER,Current,2025-03-10 15:12:00,2025-03-10 15:12:00,To BGN Uganda,-0.94,0.00,BGN,COMPLETED,52.17
CARD_PAYMENT,Current,2025-03-07 23:36:07,2025-03-10 17:54:30,Art Pharma 1 Eood,-9.69,0.00,BGN,COMPLETED,42.48
CARD_PAYMENT,Current,2025-03-09 18:55:40,2025-03-11 03:47:06,EKO,-24.42,0.00,BGN,COMPLETED,18.06
CARD_PAYMENT,Current,2025-03-10 15:11:57,2025-03-11 10:32:33,T Market,-5.06,0.00,BGN,COMPLETED,13.00
TRANSFER,Current,2025-03-11 16:11:52,2025-03-11 16:11:52,To BGN Uganda,-1.00,0.00,BGN,COMPLETED,12.00
CARD_PAYMENT,Current,2025-03-10 12:38:11,2025-03-11 17:25:46,dm drogerie,-8.79,0.00,BGN,COMPLETED,3.21
TOPUP,Current,2025-03-12 13:19:56,2025-03-12 13:19:57,Apple Pay Top-Up by *0210,370.00,0.00,BGN,COMPLETED,373.21
TRANSFER,Current,2025-03-12 13:33:27,2025-03-12 13:33:28,Revolut Ltd,-370.00,0.00,BGN,COMPLETED,3.21
CARD_PAYMENT,Current,2025-03-11 16:11:51,2025-03-12 16:19:31,Elmaz Tts Ood,-2.00,0.00,BGN,COMPLETED,1.21
TRANSFER,Current,2025-03-13 09:01:05,2025-03-13 09:01:05,Transfer from Revolut user,188.91,0.00,BGN,COMPLETED,190.12
TRANSFER,Current,2025-03-13 09:01:20,2025-03-13 09:01:20,To BGN,10.00,0.00,BGN,COMPLETED,200.12
TRANSFER,Current,2025-03-13 09:06:08,2025-03-13 09:06:08,To BGN Uganda,-0.97,0.00,BGN,COMPLETED,199.15
TRANSFER,Current,2025-03-13 09:22:12,2025-03-13 09:22:12,Transfer from Revolut user,390.00,0.00,BGN,COMPLETED,589.15
TRANSFER,Current,2025-03-13 09:23:57,2025-03-13 11:08:15,To Blagovest Vaskov Fartsov,-390.00,0.00,BGN,COMPLETED,199.15
CARD_PAYMENT,Current,2025-03-13 09:06:07,2025-03-14 15:24:39,Speedy,-199.03,0.00,BGN,COMPLETED,0.12
TRANSFER,Current,2025-03-17 17:14:04,2025-03-17 17:14:07,Transfer from Revolut user,5.00,0.00,BGN,COMPLETED,5.12
TRANSFER,Current,2025-03-17 17:18:58,2025-03-17 17:18:58,To BGN Uganda,-0.53,0.00,BGN,COMPLETED,4.59
CARD_PAYMENT,Current,2025-03-17 17:18:57,2025-03-18 15:29:57,Lidl,-4.47,0.00,BGN,COMPLETED,0.12
TRANSFER,Current,2025-03-18 16:10:33,2025-03-18 16:10:33,Transfer from Revolut user,50.00,0.00,BGN,COMPLETED,50.12
TRANSFER,Current,2025-03-18 16:43:56,2025-03-18 17:48:22,To Blagovest Vaskov Fartsov,-50.00,0.00,BGN,COMPLETED,0.12
TRANSFER,Current,2025-03-18 19:58:43,2025-03-18 19:58:43,To BGN,20.00,0.00,BGN,COMPLETED,20.12
TRANSFER,Current,2025-03-18 19:58:53,2025-03-18 19:58:54,Transfer to Revolut user,-20.00,0.00,BGN,COMPLETED,0.12
TRANSFER,Current,2025-03-18 19:59:57,2025-03-18 19:59:57,To BGN,18.00,0.00,BGN,COMPLETED,18.12
TRANSFER,Current,2025-03-18 20:00:07,2025-03-18 20:00:07,To BGN Bvf,-18.00,0.00,BGN,COMPLETED,0.12
TRANSFER,Current,2025-03-19 17:53:42,2025-03-19 17:53:42,Transfer from Revolut user,10.00,0.00,BGN,COMPLETED,10.12
TRANSFER,Current,2025-03-19 17:58:06,2025-03-19 17:58:06,To BGN Uganda,-0.75,0.00,BGN,COMPLETED,9.37
TRANSFER,Current,2025-03-19 21:10:01,2025-03-19 21:10:01,Transfer to Revolut user,-2.00,0.00,BGN,COMPLETED,7.37
CARD_PAYMENT,Current,2025-03-19 17:58:05,2025-03-21 03:52:45,Metro,-7.25,0.00,BGN,COMPLETED,0.12
TRANSFER,Current,2025-03-21 09:02:32,2025-03-21 09:02:32,Transfer from Revolut user,50.00,0.00,BGN,COMPLETED,50.12
TRANSFER,Current,2025-03-21 09:04:54,2025-03-21 09:04:54,To BGN Uganda,-0.36,0.00,BGN,COMPLETED,49.76
TRANSFER,Current,2025-03-21 09:27:37,2025-03-21 09:27:38,Transfer to Revolut user,-6.00,0.00,BGN,COMPLETED,43.76
TRANSFER,Current,2025-03-21 15:51:14,2025-03-21 15:51:15,Transfer from Revolut user,20.00,0.00,BGN,COMPLETED,63.76
TRANSFER,Current,2025-03-21 15:52:44,2025-03-21 15:52:44,To BGN Uganda,-0.70,0.00,BGN,COMPLETED,63.06
TRANSFER,Current,2025-03-21 15:53:36,2025-03-21 15:53:36,To BGN Uganda,-1.00,0.00,BGN,COMPLETED,62.06
TRANSFER,Current,2025-03-21 17:17:01,2025-03-21 17:17:01,To BGN,5.00,0.00,BGN,COMPLETED,67.06
CARD_PAYMENT,Current,2025-03-21 09:04:53,2025-03-22 03:49:29,EKO,-43.64,0.00,BGN,COMPLETED,23.42
TRANSFER,Current,2025-03-22 16:25:27,2025-03-22 16:25:27,To BGN Uganda,-0.83,0.00,BGN,COMPLETED,22.59
CARD_PAYMENT,Current,2025-03-21 15:52:41,2025-03-22 17:00:24,Maxi Foods 2,-10.30,0.00,BGN,COMPLETED,12.29
CARD_PAYMENT,Current,2025-03-21 15:53:35,2025-03-22 17:00:24,Maxi Foods 2,-8.00,0.00,BGN,COMPLETED,4.29
TRANSFER,Current,2025-03-22 19:06:02,2025-03-22 19:06:02,Transfer from Revolut user,5.00,0.00,BGN,COMPLETED,9.29
TRANSFER,Current,2025-03-22 19:06:23,2025-03-22 19:06:24,Transfer to Revolut user,-5.00,0.00,BGN,COMPLETED,4.29
CARD_PAYMENT,Current,2025-03-22 16:25:26,2025-03-24 13:59:38,BILLA,-3.17,0.00,BGN,COMPLETED,1.12
TRANSFER,Current,2025-03-26 12:17:46,2025-03-26 12:17:46,Transfer from Revolut user,12.00,0.00,BGN,COMPLETED,13.12
TRANSFER,Current,2025-03-26 12:19:12,2025-03-26 12:19:12,To BGN Uganda,-0.01,0.00,BGN,COMPLETED,13.11
TRANSFER,Current,2025-03-27 08:46:10,2025-03-27 08:46:11,Transfer from Revolut user,40.00,0.00,BGN,COMPLETED,53.11
TRANSFER,Current,2025-03-27 08:47:31,2025-03-27 08:47:31,To BGN Uganda,-0.10,0.00,BGN,COMPLETED,53.01
CARD_PAYMENT,Current,2025-03-26 12:19:08,2025-03-27 18:42:21,dm drogerie,-11.99,0.00,BGN,COMPLETED,41.02
CARD_PAYMENT,Current,2025-03-27 08:47:30,2025-03-28 03:45:25,EKO,-37.90,0.00,BGN,COMPLETED,3.12
TRANSFER,Current,2025-03-30 18:53:51,2025-03-30 18:53:51,To BGN Uganda,-3.00,0.00,BGN,COMPLETED,0.12
TRANSFER,Current,2025-03-30 18:54:33,2025-03-30 18:54:33,To BGN,20.00,0.00,BGN,COMPLETED,20.12
TRANSFER,Current,2025-03-30 18:54:45,2025-03-30 18:54:47,Transfer to Revolut user,-20.00,0.00,BGN,COMPLETED,0.12
TRANSFER,Savings,2025-03-03 14:29:58,2025-03-03 14:29:58,To BGN,-9.99,0.00,BGN,COMPLETED,286.00
TRANSFER,Savings,2025-03-03 14:31:33,2025-03-03 14:31:33,To BGN Bvf,5.00,0.00,BGN,COMPLETED,291.00
TRANSFER,Savings,2025-03-04 11:20:27,2025-03-04 11:20:27,To BGN Обслужване Jogger,40.00,0.00,BGN,COMPLETED,331.00
TRANSFER,Savings,2025-03-04 11:20:40,2025-03-04 11:20:40,To BGN Почивка,15.00,0.00,BGN,COMPLETED,346.00
TRANSFER,Savings,2025-03-04 11:22:07,2025-03-04 11:22:07,To BGN Bvf,20.00,0.00,BGN,COMPLETED,366.00
TRANSFER,Savings,2025-03-04 11:25:24,2025-03-04 11:25:24,To BGN Спестявания,18.00,0.00,BGN,COMPLETED,384.00
TRANSFER,Savings,2025-03-04 11:29:04,2025-03-04 11:29:04,To BGN,-20.00,0.00,BGN,COMPLETED,364.00
TRANSFER,Savings,2025-03-04 11:33:54,2025-03-04 11:33:54,To BGN,-20.00,0.00,BGN,COMPLETED,344.00
TRANSFER,Savings,2025-03-06 08:43:00,2025-03-06 08:43:00,Transfer from Revolut user,20.00,0.00,BGN,COMPLETED,364.00
TRANSFER,Savings,2025-03-06 08:53:19,2025-03-06 08:53:19,To BGN Uganda,0.19,0.00,BGN,COMPLETED,364.19
TRANSFER,Savings,2025-03-06 09:07:36,2025-03-06 09:07:36,To BGN Bvf,40.00,0.00,BGN,COMPLETED,404.19
TRANSFER,Savings,2025-03-07 23:36:07,2025-03-07 23:36:07,To BGN Uganda,0.31,0.00,BGN,COMPLETED,404.50
TRANSFER,Savings,2025-03-09 18:55:14,2025-03-09 18:55:14,To BGN,-30.00,0.00,BGN,COMPLETED,374.50
TRANSFER,Savings,2025-03-09 18:55:40,2025-03-09 18:55:40,To BGN Uganda,0.58,0.00,BGN,COMPLETED,375.08
TRANSFER,Savings,2025-03-09 18:58:34,2025-03-09 18:58:34,To BGN Bvf,41.00,0.00,BGN,COMPLETED,416.08
TRANSFER,Savings,2025-03-10 07:49:31,2025-03-10 07:49:31,To BGN,-10.00,0.00,BGN,COMPLETED,406.08
TRANSFER,Savings,2025-03-10 12:38:12,2025-03-10 12:38:12,To BGN Uganda,0.21,0.00,BGN,COMPLETED,406.29
TRANSFER,Savings,2025-03-10 15:12:00,2025-03-10 15:12:00,To BGN Uganda,0.94,0.00,BGN,COMPLETED,407.23
TRANSFER,Savings,2025-03-11 16:11:52,2025-03-11 16:11:52,To BGN Uganda,1.00,0.00,BGN,COMPLETED,408.23
TRANSFER,Savings,2025-03-13 09:01:20,2025-03-13 09:01:20,To BGN,-10.00,0.00,BGN,COMPLETED,398.23
TRANSFER,Savings,2025-03-13 09:06:08,2025-03-13 09:06:08,To BGN Uganda,0.97,0.00,BGN,COMPLETED,399.20
TRANSFER,Savings,2025-03-13 09:29:22,2025-03-13 09:29:22,Transfer from Revolut user,15.00,0.00,BGN,COMPLETED,414.20
TRANSFER,Savings,2025-03-17 17:18:58,2025-03-17 17:18:58,To BGN Uganda,0.53,0.00,BGN,COMPLETED,414.73
TRANSFER,Savings,2025-03-18 19:58:43,2025-03-18 19:58:43,To BGN,-20.00,0.00,BGN,COMPLETED,394.73
TRANSFER,Savings,2025-03-18 19:59:57,2025-03-18 19:59:57,To BGN,-18.00,0.00,BGN,COMPLETED,376.73
TRANSFER,Savings,2025-03-18 20:00:07,2025-03-18 20:00:07,To BGN Bvf,18.00,0.00,BGN,COMPLETED,394.73
TRANSFER,Savings,2025-03-19 17:58:06,2025-03-19 17:58:06,To BGN Uganda,0.75,0.00,BGN,COMPLETED,395.48
TRANSFER,Savings,2025-03-21 09:04:54,2025-03-21 09:04:54,To BGN Uganda,0.36,0.00,BGN,COMPLETED,395.84
TRANSFER,Savings,2025-03-21 15:52:44,2025-03-21 15:52:44,To BGN Uganda,0.70,0.00,BGN,COMPLETED,396.54
TRANSFER,Savings,2025-03-21 15:53:36,2025-03-21 15:53:36,To BGN Uganda,1.00,0.00,BGN,COMPLETED,397.54
TRANSFER,Savings,2025-03-21 17:17:01,2025-03-21 17:17:01,To BGN,-5.00,0.00,BGN,COMPLETED,392.54
TRANSFER,Savings,2025-03-22 16:25:27,2025-03-22 16:25:27,To BGN Uganda,0.83,0.00,BGN,COMPLETED,393.37
TRANSFER,Savings,2025-03-26 12:19:12,2025-03-26 12:19:12,To BGN Uganda,0.01,0.00,BGN,COMPLETED,393.38
TRANSFER,Savings,2025-03-27 08:47:31,2025-03-27 08:47:31,To BGN Uganda,0.10,0.00,BGN,COMPLETED,393.48
TRANSFER,Savings,2025-03-30 18:53:51,2025-03-30 18:53:51,To BGN Uganda,3.00,0.00,BGN,COMPLETED,396.48
TRANSFER,Savings,2025-03-30 18:54:33,2025-03-30 18:54:33,To BGN,-20.00,0.00,BGN,COMPLETED,376.48
